@unpublished{blog:first_malware_analysis,
	author = {Lenny Zeltser},
	title = {{5 Steps to Building a Malware Analysis Toolkit Using Free Tools}},
	note= {SANS Institute instructor},
	month = mar,
	year = {2015},
	url = {https://zeltser.com/build-malware-analysis-toolkit/#allocate-virtual-systems}
}

@unpublished{study:enisa_honeypots,
	author = {Grudziecki, Tomasz and Jacewicz, Paweł and Juszczyk, Łukasz and Kijewski, Piotr and Pawliński, Paweł},
	title = {{Proactive Detection of Security Incidents - Honeypots}},
	note= {enisa study},
	month = nov,
	year = {2012},
	url = {https://www.enisa.europa.eu/publications/proactive-detection-of-security-incidents-II-honeypots}
}

@unpublished{report:eset_static_analysis,
	author = {Vladislav Hrčka},
	title = {Stantinko’s new cryptominer features unique obfuscation techniques},
	date = {2020-03-19},
	url = {https://www.welivesecurity.com/2020/03/19/stantinko-new-cryptominer-unique-obfuscation-techniques/},
	urldate = {2020-03-23},
}

@article{article:malware_analysis_techniques,
	author = {Egele, Manuel and Scholte, Theodoor and Kirda, Engin and Kruegel, Christopher},
	title = {A Survey on Automated Dynamic Malware-Analysis Techniques and Tools},
	journaltitle = {ACM Computing Surveys},
	volume = {44},
	number = {2},
	date = {2012-02-08},
	journalsubtitle = {Article 6},
	article = {6},
	pagetotal = {42},
	pages = {5-21},
	note = {Article 6},
	doi = {https://dl.acm.org/doi/10.1145/2089125.2089126},
	url = {https://citeseerx.ist.psu.edu/viewdoc/download?doi=10.1.1.640.6356&rep=rep1&type=pdf},
	urldate = {2020-03-26}
}

@article{research:malware_analysis_2017,
	author = {Bavishi, Ujaliben Kalpesh and Jain, Bhavesh Madanlal},
	title = {Malware Analysis},
	journaltitle = {ijarcsse},
	year = {2017},
	month = {dec},
	url = {https://ijarcsse.com/index.php/ijarcsse/article/view/507},
	urldate = {2020-03-26}
}

@unpublished{medium_article:malware_analysis_sandboxing,
	author = {Aditya Anand},
	title = {Malware Analysis 101 - Sandboxing},
	date = {2019-09-29},
	subtitle = {Cons of using a VM},
	url = {https://medium.com/bugbountywriteup/malware-analysis-101-sandboxing-746a06432334},
	urldate = {2020-03-27},
}

