@Misc{research:blog:post-mortem,
	author = {Tim Bandos},
	title = {Learning from a Security Incident: A Post-Mortem Checklist},
	howpublished = {\url{https://digitalguardian.com/blog/learning-security-incident-post-mortem-checklist}},
	year = {2016},
	month = {November},
	note = {[9.12.2019]}
}

@Misc{research:seven-phases,
	author = {Graig Reeds},
	title = {The Seven Phases of a Cyber Attack},
	howpublished = {\url{https://maritime-executive.com/blog/the-seven-phases-of-a-cyber-attack}},
	year = {2018}
	month = {May}
	note = {[7.12.2019]},
}

@Misc{research:seven-phases2,
	author = {Lance Spitzner},
	title = {Applying Security Awareness to the Cyber Kill Chain},
	howpublished = {\url{https://www.sans.org/security-awareness-training/blog/applying-security-awareness-cyber-kill-chain}}
	year = {2019}
	month = {May}
	note = {[9.12.2019]},
}

@Misc{research:symantec:zero-day,
	author = {Symantec},
	title = {Zero-day vulnerability: What it is, and how it works},
	howpublished = {\url{https://us.norton.com/internetsecurity-emerging-threats-how-do-zero-day-vulnerabilities-work-30sectech.html}},
	note = {[8.12.2019]}
}

@misc{research:blog:immutablity-pros,
	author = {Rob Hirschfeld},
	title = {Thirteen Ways Containers are More Secure than Virtual Machines},
	howpublished = {\url{https://thenewstack.io/thirteen-ways-containers-secure-virtual-machines/}},
	note = {[9.12.2019]}
}

@report{research:web:honeynet,
	author = {Naomi J. Alpern, et al.},
	title = {Learn more about Honeynets},
	year = {2010},
	note = {\url{https://www.sciencedirect.com/topics/computer-science/honeynets} [9.12.2019]}
}

@misc{research:microservices,
	author = {Darryl Bowler},
	title = {The rise of microservice architecture and its implications to continuous (business) delivery and DevOps 2.0 },
	date = {08-12-2016},
	howpublished = {\url{https://www.accenture.com/us-en/blogs/blogs-microservice-architecture-devops} [9.12.2019]}
}

@misc{research:idempotence:math,
	howpublished = {\url{https://www.vocabulary.com/dictionary/idempotent}}
}


@misc{research:idempotence:it,
	howpublished = {\url{https://www.techopedia.com/definition/14420/idempotence}}
}

@misc{research:ansible-idempotence
	howpublished = {\url{https://www.ansible.com/use-cases/security-and-compliance}}
}

@Misc{research:sumologic:immutable-infra,
	author = {Sumo Logic},
	title = {Mutable and Immutable Infrastructure},
	year = {2019},
	month = {May},
	howpublished = {\url{https://www.sumologic.com/insight/mutable-immutable-infrastructure/}},
	note = {[8.12.2019]},
}

@Misc{research:blog:docker-k8s-security,
	author = {Christian Abdelmassih},
	title = {Docker and Kubernetes in high security environments},
	year = {2019},
	month = {January},
	howpublished = {\url{https://medium.com/@chrismessiah/docker-and-kubernetes-in-high-security-environments-d851645e8b99}}
}

@report{research:enisa:honeypots,
	author = {Tomasz Grudziecki, et al.},
	title = {Proactive Detection of Security Incidents},
	subtitle = {Honeypots}
	type = {technical report},
	institution = {ENISA},
	date = {22-11-2012},
	chapter = {Basic concepts},
	note = {\url{https://www.enisa.europa.eu/publications/proactive-detection-of-security-incidents-II-honeypots/at_download/fullReport} [10.11.2019]}
}


@thesis{research:thesis:docker-k8s-security,
	author = {Christian Abdelmassih},
	title = {Container Orchestration in Security DemandingEnvironments at the Swedish Police Authority},
	type = {Master thesis},
	institution = {KTH, Royal Institute of Technology},
	date = {09-07-2018},
	note = {\url{https://kth.diva-portal.org/smash/get/diva2:1231856/FULLTEXT02.pdf} [8.12.2019]}
}


@report{research:paper:kill-chain,
	author = {Eric M. Hutchins, et al.},
	title = {Intelligence-Driven Computer Network DefenseInformed by Analysis of Adversary Campaigns andIntrusion Kill Chains},
	chapter = {ntelligence-driven Computer Network Defense}
	type = {research paper},
	institution = {Lockheed Martin Corporation},
	year = {2011},
	note = {\url{https://www.lockheedmartin.com/content/dam/lockheed-martin/rms/documents/cyber/LM-White-Paper-Intel-Driven-Defense.pdf} [9.12.2019]}
}